<?xml version="1.0" encoding="UTF-8"?><record xmlns="http://www.loc.gov/MARC21/slim" xmlns:cinclude="http://apache.org/cocoon/include/1.0" xmlns:zs="http://www.loc.gov/zing/srw/">
  <leader>00717cz  a2200181n  4500</leader>
  <controlfield tag="001">n  91016231 </controlfield>
  <controlfield tag="003">DLC</controlfield>
  <controlfield tag="005">19980804125358.6</controlfield>
  <controlfield tag="008">910214n| acannaab|          |a aaa |||  </controlfield>
  <datafield tag="010" ind1=" " ind2=" ">
    <subfield code="a">n  91016231 </subfield>
  </datafield>
  <datafield tag="040" ind1=" " ind2=" ">
    <subfield code="a">DLC</subfield>
    <subfield code="c">DLC</subfield>
    <subfield code="d">DLC</subfield>
  </datafield>
  <datafield tag="100" ind1="1" ind2="0">
    <subfield code="a">Frisella, Anthony</subfield>
  </datafield>
  <datafield tag="400" ind1="1" ind2="0">
    <subfield code="a">Frisella, S. Anthony</subfield>
  </datafield>
  <datafield tag="500" ind1="1" ind2="0">
    <subfield code="a">Frisell, Anthony</subfield>
  </datafield>
  <datafield tag="670" ind1=" " ind2=" ">
    <subfield code="a">His Golden throat, c1991:</subfield>
    <subfield code="b">CIP t.p. (Anthony Frisella) copr. st. (S. Anthony Frisella)</subfield>
  </datafield>
  <datafield tag="670" ind1=" " ind2=" ">
    <subfield code="a">Phone call to author, 2/14/91</subfield>
    <subfield code="b">(real name S. Anthony Frisella; formerly wrote under name Anthony Frisell; will now write under name Anthony Frisella)</subfield>
  </datafield>
  <datafield tag="670" ind1=" " ind2=" ">
    <subfield code="a">LC data base, 2/14/91</subfield>
    <subfield code="b">(hdg.: Frisell, Anthony)</subfield>
  </datafield>
  <datafield tag="670" ind1=" " ind2=" ">
    <subfield code="a">His A singer's notebook, c1996:</subfield>
    <subfield code="b">t.p. (Anthony Frisell)</subfield>
  </datafield>
</record>